% This file was created with JabRef 2.10.
% Encoding: UTF-8


@Article{cit:aguilera,
  Title                    = {Computer Vision for Quality Control in Latin American Food Industry, A Case Study},
  Author                   = { J.M. Aguilera and A. Cipriano and M. Erana and I. Lillo and D. Mery and A. Soto},
  Journal                  = {ICCV 2007 - International Workshop on Computer Vision Applications for Developing countries},
  Year                     = {2007}
}

@Article{cit:rahman,
  Title                    = {Fuzzy External Force For Snake},
  Author                   = {Rahman Arshizadeh And Mohamed Mehdi Ebadzadeh},
  Journal                  = {Information Technology: New Generations (ITNG), Seventh International Conference on},
  Year                     = {2010},

  Month                    = {April},
  Pages                    = {376 - 381},

  Address                  = {Las Vegas, NV},
  Doi                      = {10.1109/ITNG.2010.202},
  Issue                    = {12-14}
}

@Article{cit:betancur1,
  Title                    = {Active contour-based segmentation of coffee cherries images},
  Author                   = {Julian Betancur and Flavio Prieto},
  Journal                  = {Signal Processing, ICSP. IEEE 9th International Conference on},
  Year                     = {2008},

  Month                    = {October},
  Pages                    = {2738 - 2741},

  Address                  = {Beijing},
  Doi                      = {10.1109/ICOSP.2008.4697714},
  Issue                    = {26-29}
}

@Article{cit:codrea,
  Title                    = {Classifying Apples By The Means Of Fluorescence Imaging},
  Author                   = {Marius C. Codrea and Olli S. Nevalainen Esa Tyystjarvi and Martin Vandeven and Roland Valcke},
  Journal                  = {International Journal of Pattern Recognition and Artificial Intelligence},
  Year                     = {2004},

  Month                    = {February},
  Number                   = {2},
  Pages                    = {157 - 174},
  Volume                   = {18},

  Doi                      = {10.1142/S0218001404003150}
}

@Article{cit:calidad,
  Title                    = {Learning techniques used in computer vision for food quality evaluation: a review},
  Author                   = {Cheng-Jin Du and Da-Wen Sun},
  Journal                  = {Journal of Food Engineering},
  Year                     = {2006},
  Number                   = {1},
  Pages                    = {39 - 55},
  Volume                   = {72},

  Doi                      = {DOI: 10.1016/j.jfoodeng.2004.11.017},
  ISSN                     = {0260-8774},
  Keywords                 = {ANN},
  Url                      = {http://www.sciencedirect.com/science/article/pii/S0260877404005904}
}

@Article{Guzman2012,
  Title                    = {A portable Raman sensor for the rapid discrimination of olives according to fruit quality},
  Author                   = {E. Guzm\'an and V. Baeten and J.A.F Pierna and J.A. Garc\'ia-Mesa},
  Journal                  = {Talanta - Elsevier},
  Year                     = {2012}
}

@Misc{iso,
  Title                    = {International Organization for Standardization - International Standards for Business, Government and Society},

  Author                   = {ISO},
  HowPublished             = {http://www.iso.org/},
  Year                     = {2012}
}

@Article{Ji2011,
  Title                    = {Automatic recognition vision system guided for apple harvesting robot},
  Author                   = {W. Ji and D. Zhao and F. Cheng and B. Xu and Y. Zhang and J. Wang},
  Journal                  = {Computers \& Electrical Engineering - Elsevier},
  Year                     = {2012}
}

@Article{cit:kass,
  Title                    = {Snakes: Active Contour Models},
  Author                   = {Michael Kass and Andrew Witkin and Demetri Terzopoulos},
  Journal                  = {International Journal of Computer Vision},
  Year                     = {1988},
  Pages                    = {321 - 331},

  Address                  = {Boston},
  Publisher                = {Kluwer Academic Publishers}
}

@Article{cit:kosko1,
  Title                    = {Hidden Patterns in Combined and Adaptive Knowledge Networks},
  Author                   = {Bart Kosko},
  Journal                  = {International Journal of Approximate Reasoning - Elsevier},
  Year                     = {1988},

  Month                    = {October},
  Pages                    = {377 - 393},

  Issue                    = {4}
}

@Article{cit:kosko2,
  Title                    = {Fuzzy Cognitive Maps},
  Author                   = {Bart Kosko},
  Journal                  = {International Journal of Man-Machine Studies - Elsevier},
  Year                     = {1986},

  Month                    = {January},
  Pages                    = {65 - 75},

  Issue                    = {1}
}

@Article{Kumar2012,
  Title                    = {A fuzzy logic based decision support system for the evaluation ofsuppliers in supply chain management practices},
  Author                   = {D. Kumar and J. Singh and O. P. Singh},
  Journal                  = {Mathematical and Computer Modelling - Elsevier},
  Year                     = {2012}
}

@Article{ValLe1995,
  Title                    = {A fuzzy temporal logic scheme for fuzzy dynamic systems},
  Author                   = {T. Van Le},
  Journal                  = {Intelligent Information Systems, Proceedings of the Third Australian and New Zealand Conference on. ANZIIS-95. IEEE},
  Year                     = {1995},

  Month                    = {Octubre},
  Pages                    = {152-157}
}

@Article{cit:chunming,
  Title                    = {Distance regularized level set evolution and its application to image segmentation},
  Author                   = {Li, Chunming and Xu, Chenyang and Gui, Changfeng and Fox, Martin D.},
  Journal                  = {IEEE Transactions on Image Processing},
  Year                     = {2010},

  Month                    = {December},
  Pages                    = {3243--3254},
  Volume                   = {19},

  Acmid                    = {1922188},
  Address                  = {Piscataway, NJ, USA},
  ISSN                     = {1057-7149},
  Issue                    = {12},
  Issue_date               = {December 2010},
  Numpages                 = {12},
  Publisher                = {IEEE Press}
}

@Article{Li2011,
  Title                    = {Adaptive Fuzzy decentralized output feedback control for stochastic nonlinear large scale systems},
  Author                   = {Y. Li and S. Tong},
  Journal                  = {Neurocomputing - Elsevier},
  Year                     = {2011}
}

@Article{cit:marino,
  Title                    = {Fuzzy Image Processing in Quality Control Application},
  Author                   = {Marino, Perfecto and Pastoriza, Vicente and Santamaria, Miguel and Martinez, Emilio},
  Journal                  = {Proceedings of the Sixth International Conference on Computational Intelligence and Multimedia Applications},
  Year                     = {2005},
  Pages                    = {55--60},

  Acmid                    = {1100281},
  Address                  = {Washington, DC, USA},
  Doi                      = {10.1109/ICCIMA.2005.30},
  ISBN                     = {0-7695-2358-7},
  Numpages                 = {6},
  Publisher                = {IEEE Computer Society},
  Url                      = {http://portal.acm.org/citation.cfm?id=1099543.1100281}
}

@Book{cit:invaccion,
  Title                    = {Investigación-acción y currículum},
  Author                   = {James McKernan},
  Publisher                = {Morata},
  Year                     = {1999},
  Edition                  = {second}
}

@Article{cit:lillo,
  Title                    = {Automated fish bone detection using X-ray imaging},
  Author                   = {Domingo Mery and Iván Lillo and Hans Loebel and Vladimir Riffo and Alvaro Soto and Aldo Cipriano and José Miguel Aguilera},
  Journal                  = {Journal of Food Engineering},
  Year                     = {2011},
  Number                   = {3},
  Pages                    = {485 - 492},
  Volume                   = {105},

  Doi                      = {DOI: 10.1016/j.jfoodeng.2011.03.007},
  ISSN                     = {0260-8774},
  Keywords                 = {Fish bones},
  Url                      = {http://www.sciencedirect.com/science/article/pii/S0260877411001324}
}

@Article{cit:aguilera1,
  Title                    = {Automated Fish Bone Detection using X-Ray Imaging},
  Author                   = {Domingo Mery and Iván Lillo and Hans Loebel and Vladimir Riffo and Alvaro Soto and Aldo Cipriano and José Miguel Aguilera},
  Journal                  = {2010 Fourth Pacific-Rim Symposium on Image and Video Technology - IEEE},
  Year                     = {2010},

  Month                    = {december},
  Pages                    = {46 - 51},

  Doi                      = {10.1109/PSIVT.2010.15},
  Issue                    = {14-17}
}

@Article{cit:aguilera2,
  Title                    = {Quality classification of corn tortillas using computer vision},
  Author                   = {Domingo Mery and Iván Lillo and Hans Loebel and Vladimir Riffo and Alvaro Soto and Aldo Cipriano and José Miguel Aguilera},
  Journal                  = {Journal of Food Engineering},
  Year                     = {2010},
  Number                   = {4},
  Pages                    = {357 - 364},
  Volume                   = {101},

  Doi                      = {DOI: 10.1016/j.jfoodeng.2010.07.018},
  ISSN                     = {0260-8774},
  Keywords                 = {Corn tortillas},
  Url                      = {http://www.sciencedirect.com/science/article/pii/S0260877410003572}
}

@Article{Nanyam2011,
  Title                    = {A decision-fusion strategy for fruit quality inspection using hyperspectral imaging},
  Author                   = {Y. Nanyam and R. Choudhary and L. Gupta and J. Paliwal},
  Journal                  = {Biosystems Engineering - Elsevier},
  Year                     = {2011}
}

@Article{cit:rossel,
  Title                    = {Tests Adaptativos utilizando Lógica Difusa},
  Author                   = {Gerardo Rossel},
  Journal                  = {XII Congreso Argentino de Ciencias de la Computación CACIC 2006 },
  Year                     = {2006},

  Month                    = {October},

  Address                  = {San Luis, Argentina}
}

@Article{cit:function,
  Title                    = {Membership Functions and Probability Measures of Fuzzy Sets},
  Author                   = {Nozer D. Singpurwalla and Jane M. Booker},
  Journal                  = {Journal of the American Statistical Association - Elsevier},
  Year                     = {2004},

  Month                    = {September},
  Number                   = {467},
  Pages                    = {867-877},
  Volume                   = {99},

  Doi                      = {10.1198/016214504000001196}
}

@Article{cit:pizza1,
  Title                    = {Pizza quality evaluation using computer vision--part 1: Pizza base and sauce spread},
  Author                   = {Da-Wen Sun and Tadhg Brosnan},
  Journal                  = {Journal of Food Engineering},
  Year                     = {2003},
  Number                   = {1},
  Pages                    = {81 - 89},
  Volume                   = {57},

  Doi                      = {DOI: 10.1016/S0260-8774(02)00275-3},
  ISSN                     = {0260-8774},
  Keywords                 = {Computer vision},
  Url                      = {http://www.sciencedirect.com/science/article/B6T8J-46Y56Y8-2/2/495fff99b608c553b85f163a9611a6c2}
}

@Article{cit:pizza2,
  Title                    = {Pizza quality evaluation using computer vision--Part 2: Pizza topping analysis},
  Author                   = {Da-Wen Sun and Tadhg Brosnan},
  Journal                  = {Journal of Food Engineering},
  Year                     = {2003},
  Number                   = {1},
  Pages                    = {91 - 95},
  Volume                   = {57},

  Doi                      = {DOI: 10.1016/S0260-8774(02)00276-5},
  ISSN                     = {0260-8774},
  Keywords                 = {Pizza topping},
  Url                      = {http://www.sciencedirect.com/science/article/B6T8J-47CH73B-2/2/9233f3adc6f49a51b882eab893f21f73}
}

@Misc{cit:SUNAT,
  Title                    = {Superintendencia Nacional de Administración Tributaria },

  Author                   = {SUNAT},
  HowPublished             = {http://www.sunat.gob.pe/},
  Year                     = {2010}
}

@Article{cit:contornos,
  Title                    = {Adaptive potential active contours},
  Author                   = {Arkadiusz Tomczyk and Piotr S. Szczepaniak},
  Journal                  = {Pattern Analysis \& Applications},
  Year                     = {2011},
  Note                     = {10.1007/s10044-011-0200-7},
  Pages                    = {1-16},

  Affiliation              = {Institute of Information Technology, Technical University of Lodz, Wolczanska 215, 90-924 Lodz, Poland},
  ISSN                     = {1433-7541},
  Keyword                  = {Computer Science},
  Publisher                = {Springer London},
  Url                      = {http://dx.doi.org/10.1007/s10044-011-0200-7}
}

@Article{Uyar2012,
  Title                    = {Fuzzy logic-based induction motor protection system},
  Author                   = {O. Uyar and M. Cunkas},
  Journal                  = {Neural Computing and Applications - Springer},
  Year                     = {2012},
  Pages                    = {1-10}
}

@Article{cit:difusa,
  Title                    = {Fuzzy Inference Systems in MR Image Processing-A Review},
  Author                   = {X. X. Yin and W. Jia},
  Journal                  = {International conference on Bioinformatics and Biomedical Technology - IEEE},
  Year                     = {2010},

  Month                    = {April},
  Pages                    = {19 - 22},

  Address                  = {Chengdu},
  Doi                      = {10.1109/ICBBT.2010.5479018},
  Issue                    = {16-18}
}

@Article{cit:singleton,
  Title                    = {Fuzzy Systems and Their Approximation Capability Based on Parameter Singleton Fuzzifier Methods},
  Author                   = {X. Yuan and H. Li and K. Sun},
  Year                     = {2011}
}

@Article{cit:zadeh,
  Title                    = {Fuzzy Sets},
  Author                   = {L. A. Zadeh},
  Journal                  = {Information and Control - Elsevier},
  Year                     = {1965},

  Month                    = {Junio},
  Pages                    = {338-353},
  Volume                   = {8}
}

@Article{cit:zhu,
  Title                    = {A two-level strategy for segmenting center of interest from pictures},
  Author                   = {Zhu, Rong and Yao, Min and Liu, Yi-Ming},
  Journal                  = {Expert Systems with Applications: An International Journal},
  Year                     = {2011},

  Month                    = {March},
  Pages                    = {1748--1759},
  Volume                   = {38},

  Acmid                    = {1879519},
  Address                  = {Tarrytown, NY, USA},
  Doi                      = {http://dx.doi.org/10.1016/j.eswa.2010.07.100},
  ISSN                     = {0957-4174},
  Issue                    = {3},
  Keywords                 = {Active contour model, Block clustering, Color image segmentation, Photographic principle, Segmenting center of interest, Triangular inner force},
  Numpages                 = {12},
  Publisher                = {Pergamon Press, Inc.},
  Url                      = {http://dx.doi.org/10.1016/j.eswa.2010.07.100}
}

